@TechReport{FSecure,
  author = 	 {F-Secure},
  title = 	 {CTB-Locker Threat description},
  institution =  {F-Secure},
  year = 	 {2014},
  OPTkey = 	 {},
  OPTtype = 	 {},
  OPTnumber = 	 {},
  OPTaddress = 	 {},
  OPTmonth = 	 {},
  OPTnote = 	 {},
  OPTannote = 	 {}
}

@TechReport{FS2,
  author = 	 {F-Secure},
  title = 	 {CTB-Locker Infections on the Rise},
  institution =  {F-Secure},
  year = 	 {2015},
  OPTkey = 	 {},
  OPTtype = 	 {},
  OPTnumber = 	 {},
  OPTaddress = 	 {},
  OPTmonth = 	 {},
  OPTnote = 	 {},
  OPTannote = 	 {}
}



@Misc{Kas16,
  author = 	 {Kaspersky},
  title = 	 {Historia del a\~{n}o: la revoluci\'{o}n del ramsonware},
  year =         {2016},
  OPThowpublished = {},
  OPTmonth = 	 {},
  OPTyear = 	 {},
  OPTnote = 	 {},
  OPTannote = 	 {}
}

@Misc{Point,
  OPTkey = 	 {},
  author = 	 {CheckPoint},
  title = 	 {Malware analysis CTB Locker},
  OPThowpublished = {},
  OPTmonth = 	 {},
  year = 	 {2015},
  note = 	 {https://blog.checkpoint.com/2015/02/19/malware-analysis-ctb-locker/},
  OPTannote = 	 {}
}


@Misc{Sec,
  OPTkey = 	 {},
  author = 	 {Fedor Sinitsyn},
  title = 	 {A new Generation of ransomware},
  OPThowpublished = {},
  OPTmonth = 	 {},
  year = 	 {2014},
  note = 	 {https://securelist.com/a-new-generation-of-ransomware/64608/},
  OPTannote = 	 {}
}

@Misc{Sophos,
  OPTkey = 	 {},
  author = 	 {Sophos},
  title = 	 {The current state of ramsonware, CTB-Locker},
  OPThowpublished = {},
  OPTmonth = 	 {},
  year = 	 {2015},
  note = 	 {https://news.sophos.com/en-us/2015/12/31/the-current-state-of-ransomware-ctb-locker/},
  OPTannote = 	 {}
}

