@Misc{Kaspersky,
  author = 	 {Costin Raiu and Igor Soumenkov and Kurt Baumgartner and Vitaly Kamluk},
  title = 	 {The MiniDuke Mystery: PDF 0-day Government Spy
                  Assembler 0x29A Micro Backdoor},
  institution =  {Global Research and Analysis Team, Kaspersky Lab},
  year = 	 2013,
  howpublished = {https://kasperskycontenthub.com/wp-content/uploads/sites/43/vlpdfs/themysteryofthepdf0-dayassemblermicrobackdoor.pdf}
}


@Misc{Dukes,
  author = 	 {F-Secure},
  title = 	 {The {D}ukes, 7 years of {R}ussian cyberspionage},
  howpublished = {https://www.f-secure.com/documents/996508/1030745/dukes\_whitepaper.pdf},
  month = 	 9,
  year = 	 2015
}

